% Encoding: UTF-8

@Misc{clusterAnalysis,
  author   = {Wikipedia},
  title    = {Cluster analysis},
  month    = apr,
  year     = {2018},
  language = {English},
  url      = {https://en.wikipedia.org/wiki/Cluster_analysis},
  urldate  = {2018-04-22},
}

@Misc{eigenfaces,
  author   = {Scholarpedia},
  title    = {Eigenfaces},
  month    = apr,
  year     = {2018},
  language = {English},
  url      = {http://www.scholarpedia.org/article/Eigenfaces#PCA_and_SVD},
  urldate  = {2017-11-24},
}

@Comment{jabref-meta: databaseType:bibtex;}
